<?xml version="1.0" encoding="UTF-8"?><collection xmlns="http://www.loc.gov/MARC21/slim"><record><leader>00393nam--2200121-i-4500</leader><controlfield tag="001">000037661</controlfield><controlfield tag="002">20161230</controlfield><controlfield tag="005">20161230201041</controlfield><controlfield tag="008">060222s1000------------r-----000-0-eng-d</controlfield><datafield ind1=" " ind2=" " tag="080"><subfield code="a">621.039.03.2</subfield></datafield><datafield ind1=" " ind2=" " tag="245"><subfield code="a">Projet de neuvieme rapport d`activite de l`agence europenne pour l`energie nucleaire</subfield></datafield><datafield ind1=" " ind2=" " tag="260"><subfield code="a">Paris, Agence Europeenne Pour L`Energie Nucleaire, 1967. 68 P. + 19 P.Anexe</subfield></datafield><datafield ind1=" " ind2=" " tag="852"><subfield code="a">28291</subfield></datafield></record></collection>